<record><leader>00000cas a2200000 a 4500</leader><controlfield tag="001">4657838</controlfield><controlfield tag="008">790215d18361842nyuwr ne      0    0eng c</controlfield><datafield ind1=" " ind2=" " tag="010"><subfield code="a">sn 83031840 </subfield></datafield><datafield ind1=" " ind2=" " tag="040"><subfield code="a">MUM</subfield><subfield code="b">eng</subfield><subfield code="c">MUM</subfield><subfield code="d">MUL</subfield><subfield code="d">NPU</subfield><subfield code="d">NPX</subfield><subfield code="d">YOX</subfield><subfield code="d">NYS</subfield><subfield code="d">DLC</subfield><subfield code="d">NYS</subfield><subfield code="d">CVF</subfield><subfield code="d">OCL</subfield><subfield code="d">OCLCG</subfield><subfield code="d">KRTAS</subfield><subfield code="d">OCLCQ</subfield><subfield code="d">OCLCO</subfield><subfield code="d">OCLCF</subfield><subfield code="d">OCLCO</subfield></datafield><datafield ind1=" " ind2=" " tag="019"><subfield code="a">461913531</subfield></datafield><datafield ind1="1" ind2=" " tag="029"><subfield code="a">AU@</subfield><subfield code="b">000003027099</subfield></datafield><datafield ind1=" " ind2=" " tag="042"><subfield code="a">pcc</subfield></datafield><datafield ind1=" " ind2=" " tag="043"><subfield code="a">n-us---</subfield><subfield code="a">n-us-ny</subfield></datafield><datafield ind1=" " ind2=" " tag="090"><subfield code="a">E449</subfield><subfield code="b">.F87</subfield></datafield><datafield ind1="0" ind2=" " tag="130"><subfield code="a">Friend of man (Utica, N.Y.)</subfield></datafield><datafield ind1="1" ind2="4" tag="245"><subfield code="a">The friend of man.</subfield></datafield><datafield ind1=" " ind2=" " tag="260"><subfield code="a">Utica, N.Y. :</subfield><subfield code="b">Published for the New-York State Anti-Slavery Society by J.P. Bishop,</subfield><subfield code="c">1836-</subfield></datafield><datafield ind1=" " ind2=" " tag="300"><subfield code="a">v. ;</subfield><subfield code="c">63 cm.</subfield></datafield><datafield ind1=" " ind2=" " tag="310"><subfield code="a">Weekly</subfield></datafield><datafield ind1="0" ind2=" " tag="362"><subfield code="a">Vol. 1, no. 1 (June 23, 1836)- = Whole no. [1]-</subfield></datafield><datafield ind1="1" ind2=" " tag="362"><subfield code="a">Ceased in Nov. 1842.</subfield></datafield><datafield ind1=" " ind2=" " tag="500"><subfield code="a">Publishers: W.C. Rogers, &lt;1838&gt;; W.C. Rogers for the New York State Anti-Slavery Society, &lt;Oct. 16, 1839&gt;-July 22, 1840; U. Dunning for the New York State Anti-Slavery Society, July 29, 1840-&lt;Oct. 7, 1840&gt;; William J. Savage, for the New York State Anti-Slavery Society, &lt;1842&gt;.</subfield></datafield><datafield ind1=" " ind2=" " tag="500"><subfield code="a">Editors: William Goodell, &lt;1837-1840&gt;; Stanley P. Hough, &lt;1842&gt;.</subfield></datafield><datafield ind1=" " ind2=" " tag="515"><subfield code="a">No. 173-224, Oct. 16, 1839-Oct. 7, 1840, also called: New ser., v. 1, no. 1-new ser., v. 1, no. 52.</subfield></datafield><datafield ind1=" " ind2=" " tag="530"><subfield code="a">Also issued on microfilm from University Microfilms International.</subfield></datafield><datafield ind1=" " ind2="0" tag="650"><subfield code="a">Antislavery movements</subfield><subfield code="z">United States</subfield><subfield code="v">Newspapers.</subfield></datafield><datafield ind1=" " ind2="0" tag="651"><subfield code="a">Utica (N.Y.)</subfield><subfield code="v">Newspapers.</subfield></datafield><datafield ind1=" " ind2="0" tag="651"><subfield code="a">Oneida County (N.Y.)</subfield><subfield code="v">Newspapers.</subfield></datafield><datafield ind1=" " ind2="7" tag="655"><subfield code="a">Newspapers.</subfield><subfield code="2">fast</subfield><subfield code="0">(OCoLC)fst01423814</subfield></datafield><datafield ind1=" " ind2="7" tag="650"><subfield code="a">Antislavery movements.</subfield><subfield code="2">fast</subfield><subfield code="0">(OCoLC)fst00810800</subfield></datafield><datafield ind1=" " ind2="7" tag="651"><subfield code="a">New York (State)</subfield><subfield code="z">Oneida County.</subfield><subfield code="2">fast</subfield><subfield code="0">(OCoLC)fst01209049</subfield></datafield><datafield ind1=" " ind2="7" tag="651"><subfield code="a">New York (State)</subfield><subfield code="z">Utica.</subfield><subfield code="2">fast</subfield><subfield code="0">(OCoLC)fst01207805</subfield></datafield><datafield ind1=" " ind2="7" tag="651"><subfield code="a">United States.</subfield><subfield code="2">fast</subfield><subfield code="0">(OCoLC)fst01204155</subfield></datafield><datafield ind1="1" ind2=" " tag="700"><subfield code="a">Goodell, William,</subfield><subfield code="d">1792-1878.</subfield></datafield><datafield ind1="2" ind2=" " tag="710"><subfield code="a">New York State Anti-Slavery Society.</subfield></datafield><datafield ind1=" " ind2=" " tag="752"><subfield code="a">United States</subfield><subfield code="b">New York</subfield><subfield code="c">Oneida</subfield><subfield code="d">Utica.</subfield></datafield><datafield ind1="0" ind2="0" tag="780"><subfield code="t">Standard and Democrat</subfield><subfield code="w">(DLC)sn 83031831</subfield><subfield code="w">(OCoLC)9992748</subfield></datafield><datafield ind1="0" ind2="5" tag="780"><subfield code="t">Anti-slavery lecturer</subfield><subfield code="w">(DLC)sn 91069171</subfield><subfield code="w">(OCoLC)12019153</subfield></datafield><datafield ind1="0" ind2="7" tag="785"><subfield code="t">Abolitionist (Cazenovia, N.Y.)</subfield><subfield code="w">(DLC)sn 86053208</subfield><subfield code="w">(OCoLC)13353152</subfield></datafield><datafield ind1="0" ind2="7" tag="785"><subfield code="t">Liberty press (Utica, N.Y.)</subfield><subfield code="w">(DLC)sn 83031853</subfield><subfield code="w">(OCoLC)10001400</subfield></datafield><datafield ind1=" " ind2=" " tag="938"><subfield code="a">Kirtas Technologies, Inc.</subfield><subfield code="b">KRTS</subfield><subfield code="n">735812</subfield></datafield></record>